@article{Rivers2019,
abstract = {Infectious disease modeling has played a prominent role in recent outbreaks, yet integrating these analyses into public health decision-making has been challenging. We recommend establishing ‘outbreak science' as an inter-disciplinary field to improve applied epidemic modeling.},
author = {Rivers, Caitlin and Chretien, Jean-Paul and Riley, Steven and Pavlin, Julie A and Woodward, Alexandra and Brett-Major, David and {Maljkovic Berry}, Irina and Morton, Lindsay and Jarman, Richard G and Biggerstaff, Matthew and Johansson, Michael A and Reich, Nicholas G and Meyer, Diane and Snyder, Michael R and Pollett, Simon},
doi = {10.1038/s41467-019-11067-2},
issn = {2041-1723},
journal = {Nature Communications},
number = {1},
pages = {3102},
title = {{Using “outbreak science” to strengthen the use of models during epidemics}},
url = {https://doi.org/10.1038/s41467-019-11067-2},
volume = {10},
year = {2019}
}

@article{funk2019assessing,
  title={Assessing the performance of real-time epidemic forecasts: A case study of Ebola in the Western Area region of Sierra Leone, 2014-15},
  author={Funk, Sebastian and Camacho, Anton and Kucharski, Adam J and Lowe, Rachel and Eggo, Rosalind M and Edmunds, W John},
  journal={PLoS computational biology},
  volume={15},
  number={2},
  pages={e1006785},
  year={2019},
  publisher={Public Library of Science}
}
@article{adejo2018predicting,
  title={Predicting student academic performance using multi-model heterogeneous ensemble approach},
  author={Adejo, Olugbenga Wilson and Connolly, Thomas},
  journal={Journal of Applied Research in Higher Education},
  volume={10},
  number={1},
  pages={61--75},
  year={2018},
  publisher={Emerald Publishing Limited}
}

@article{pierro2016multi,
  title={Multi-Model Ensemble for day ahead prediction of photovoltaic power generation},
  author={Pierro, Marco and Bucci, Francesco and De Felice, Matteo and Maggioni, Enrico and Moser, David and Perotto, Alessandro and Spada, Francesco and Cornaro, Cristina},
  journal={Solar energy},
  volume={134},
  pages={132--146},
  year={2016},
  publisher={Elsevier}
}

@article{garratt2011real,
  title={Real-time inflation forecast densities from ensemble Phillips curves},
  author={Garratt, Anthony and Mitchell, James and Vahey, Shaun P and Wakerly, Elizabeth C},
  journal={The North American Journal of Economics and Finance},
  volume={22},
  number={1},
  pages={77--87},
  year={2011},
  publisher={Elsevier}
}

@article{biggerstaff2018results,
  title={Results from the second year of a collaborative effort to forecast influenza seasons in the United States},
  author={Biggerstaff, Matthew and Johansson, Michael and Alper, David and Brooks, Logan C and Chakraborty, Prithwish and Farrow, David C and Hyun, Sangwon and Kandula, Sasikiran and McGowan, Craig and Ramakrishnan, Naren and others},
  journal={Epidemics},
  volume={24},
  pages={26--33},
  year={2018},
  publisher={Elsevier}
}

@article{biggerstaff2016results,
  title={Results from the centers for disease control and prevention’s predict the 2013--2014 Influenza Season Challenge},
  author={Biggerstaff, Matthew and Alper, David and Dredze, Mark and Fox, Spencer and Fung, Isaac Chun-Hai and Hickmann, Kyle S and Lewis, Bryan and Rosenfeld, Roni and Shaman, Jeffrey and Tsou, Ming-Hsiang and others},
  journal={BMC infectious diseases},
  volume={16},
  number={1},
  pages={357},
  year={2016},
  publisher={BioMed Central}
}

@article{krishnamurti1999improved,
  title={Improved weather and seasonal climate forecasts from multimodel superensemble},
  author={Krishnamurti, TN and Kishtawal, CM and LaRow, Timothy E and Bachiochi, David R and Zhang, Zhan and Williford, C Eric and Gadgil, Sulochana and Surendran, Sajani},
  journal={Science},
  volume={285},
  number={5433},
  pages={1548--1550},
  year={1999},
  publisher={American Association for the Advancement of Science}
}

@article{biggerstaff2017systematic,
  title={Systematic assessment of multiple routine and near real-time indicators to classify the severity of influenza seasons and pandemics in the United States, 2003--2004 through 2015--2016},
  author={Biggerstaff, Matthew and Kniss, Krista and Jernigan, Daniel B and Brammer, Lynnette and Bresee, Joseph and Garg, Shikha and Burns, Erin and Reed, Carrie},
  journal={American journal of epidemiology},
  volume={187},
  number={5},
  pages={1040--1050},
  year={2017},
  publisher={Oxford University Press}
}

@techreport{ray2019conditioning,
  title={Conditioning multi-model ensembles for disease forecasting.},
  author={Ray, Jaideep and Cauthen, Katherine Regina and Lefantzi, Sophia and Burks, Lynne},
  year={2019},
  institution={Sandia National Lab.(SNL-CA), Livermore, CA (United States); Sandia National~…}
}

@article{yamana2017individual,
  title={Individual versus superensemble forecasts of seasonal influenza outbreaks in the United States},
  author={Yamana, Teresa K and Kandula, Sasikiran and Shaman, Jeffrey},
  journal={PLoS computational biology},
  volume={13},
  number={11},
  pages={e1005801},
  year={2017},
  publisher={Public Library of Science}
}

@article{reich2019collaborative,
  title={A Collaborative Multi-Model Ensemble for Real-Time Influenza Season Forecasting in the US},
  author={Reich, Nicholas G and McGowan, Craig J and Yamana, Teresa K and Tushar, Abhinav and Ray, Evan L and Osthus, Dave and Kandula, Sasikiran and Brooks, Logan C and Crawford-Crudell, Willow and Gibson, Graham Casey and others},
  journal={bioRxiv},
  pages={566604},
  year={2019},
  publisher={Cold Spring Harbor Laboratory}
}

@article{yamana2016superensemble,
  title={Superensemble forecasts of dengue outbreaks},
  author={Yamana, Teresa K and Kandula, Sasikiran and Shaman, Jeffrey},
  journal={Journal of The Royal Society Interface},
  volume={13},
  number={123},
  pages={20160410},
  year={2016},
  publisher={The Royal Society}
}

@article{mcgowan2019collaborative,
  title={Collaborative efforts to forecast seasonal influenza in the United States, 2015--2016},
  author={McGowan, Craig J and Biggerstaff, Matthew and Johansson, Michael and Apfeldorf, Karyn M and Ben-Nun, Michal and Brooks, Logan and Convertino, Matteo and Erraguntla, Madhav and Farrow, David C and Freeze, John and others},
  journal={Scientific reports},
  volume={9},
  number={1},
  pages={683},
  year={2019},
  publisher={Nature Publishing Group}
}

@article{brooks2015flexible,
  title={Flexible modeling of epidemics with an empirical Bayes framework},
  author={Brooks, Logan C and Farrow, David C and Hyun, Sangwon and Tibshirani, Ryan J and Rosenfeld, Roni},
  journal={PLoS computational biology},
  volume={11},
  number={8},
  pages={e1004382},
  year={2015},
  publisher={Public Library of Science}
}


%moving to online models
@article{chae2018predicting,
  title={Predicting Infectious Disease Using Deep Learning and Big Data},
  author={Chae, Sangwon and Kwon, Sungjun and Lee, Donghyun},
  journal={International journal of environmental research and public health},
  volume={15},
  number={8},
  pages={1596},
  year={2018},
  publisher={Multidisciplinary Digital Publishing Institute}
}

@article{nishiura2010ideal,
  title={The ideal reporting interval for an epidemic to objectively interpret the epidemiological time course},
  author={Nishiura, Hiroshi and Chowell, Gerardo and Heesterbeek, Hans and Wallinga, Jacco},
  journal={Journal of The Royal Society Interface},
  volume={7},
  number={43},
  pages={297--307},
  year={2010},
  publisher={The Royal Society}
}

%ensemble methods
@article{opitz1999popular,
  title={Popular ensemble methods: An empirical study},
  author={Opitz, David and Maclin, Richard},
  journal={Journal of artificial intelligence research},
  volume={11},
  pages={169--198},
  year={1999}
}

@book{oza2001online,
  title={Online ensemble learning},
  author={Oza, Nikunj Chandrakant and Russell, Stuart},
  year={2001},
  publisher={University of California, Berkeley}
}
@book{zhou2012ensemble,
  title={Ensemble methods: foundations and algorithms},
  author={Zhou, Zhi-Hua},
  year={2012},
  publisher={Chapman and Hall/CRC}
}

%examples of ensemble application
@article{gneiting2005weather,
  title={Weather forecasting with ensemble methods},
  author={Gneiting, Tilmann and Raftery, Adrian E},
  journal={Science},
  volume={310},
  number={5746},
  pages={248--249},
  year={2005},
  publisher={American Association for the Advancement of Science}
}
@article{foley2012current,
  title={Current methods and advances in forecasting of wind power generation},
  author={Foley, Aoife M and Leahy, Paul G and Marvuglia, Antonino and McKeogh, Eamon J},
  journal={Renewable Energy},
  volume={37},
  number={1},
  pages={1--8},
  year={2012},
  publisher={Elsevier}
}

@article{van2007super,
  title={Super learner},
  author={Van der Laan, Mark J and Polley, Eric C and Hubbard, Alan E},
  journal={Statistical applications in genetics and molecular biology},
  volume={6},
  number={1},
  year={2007},
  publisher={De Gruyter}
}

%supervised learning
@inproceedings{caruana2006empirical,
  title={An empirical comparison of supervised learning algorithms},
  author={Caruana, Rich and Niculescu-Mizil, Alexandru},
  booktitle={Proceedings of the 23rd international conference on Machine learning},
  pages={161--168},
  year={2006},
  organization={ACM}
}
@article{kotsiantis2007supervised,
  title={Supervised machine learning: A review of classification techniques},
  author={Kotsiantis, Sotiris B and Zaharakis, I and Pintelas, P},
  journal={Emerging artificial intelligence applications in computer engineering},
  volume={160},
  pages={3--24},
  year={2007}
}
@article{murphy2012machine,
  title={Machine learning: a probabilistic approach},
  author={Murphy, K},
  journal={Massachusetts Institute of Technology},
  pages={1--21},
  year={2012}
}

%sarima
@article{martinez2011sarima,
  title={A SARIMA forecasting model to predict the number of cases of dengue in Campinas, State of S{\~a}o Paulo, Brazil},
  author={Martinez, Edson Zangiacomi and Silva, Elis{\^a}ngela Aparecida Soares da and Fabbro, Amaury Lelis Dal},
  journal={Revista da Sociedade Brasileira de Medicina Tropical},
  volume={44},
  number={4},
  pages={436--440},
  year={2011},
  publisher={SciELO Brasil}
}

@article{soebiyanto2010modeling,
  title={Modeling and predicting seasonal influenza transmission in warm regions using climatological parameters},
  author={Soebiyanto, Radina P and Adimi, Farida and Kiang, Richard K},
  journal={PloS one},
  volume={5},
  number={3},
  pages={e9450},
  year={2010},
  publisher={Public Library of Science}
}

%kde
@article{carlos2010density,
  title={Density estimation and adaptive bandwidths: a primer for public health practitioners},
  author={Carlos, Heather A and Shi, Xun and Sargent, James and Tanski, Susanne and Berke, Ethan M},
  journal={International journal of health geographics},
  volume={9},
  number={1},
  pages={39},
  year={2010},
  publisher={BioMed Central}
}

@article{ray2017infectious,
  title={Infectious disease prediction with kernel conditional density estimation},
  author={Ray, Evan L and Sakrejda, Krzysztof and Lauer, Stephen A and Johansson, Michael A and Reich, Nicholas G},
  journal={Statistics in medicine},
  volume={36},
  number={30},
  pages={4908--4929},
  year={2017},
  publisher={Wiley Online Library}
}


%disrpancy model
@article{osthus2018dynamic,
  title={Dynamic Bayesian Influenza Forecasting in the United States with Hierarchical Discrepancy},
  author={Osthus, Dave and Gattiker, James and Priedhorsky, Reid and Del Valle, Sara Y and others},
  journal={Bayesian Analysis},
  year={2018},
  publisher={International Society for Bayesian Analysis}
}

@article{coburn2009modeling,
  title={Modeling influenza epidemics and pandemics: insights into the future of swine flu (H1N1)},
  author={Coburn, Brian J and Wagner, Bradley G and Blower, Sally},
  journal={BMC medicine},
  volume={7},
  number={1},
  pages={30},
  year={2009},
  publisher={BioMed Central}
}
@article{laguzet2015individual,
  title={Individual vaccination as Nash equilibrium in a SIR model with application to the 2009--2010 influenza A (H1N1) epidemic in France},
  author={Laguzet, Laetitia and Turinici, Gabriel},
  journal={Bulletin of mathematical biology},
  volume={77},
  number={10},
  pages={1955--1984},
  year={2015},
  publisher={Springer}
}


%influenza drain
@article{schmier2008benefits,
  title={Benefits and costs of immunizing children against influenza at school: an economic analysis based on a large-cluster controlled clinical trial},
  author={Schmier, Jordana and Li, Su and King Jr, James C and Nichol, Kristin and Mahadevia, Parthiv J},
  journal={Health Affairs},
  volume={27},
  number={2},
  pages={w96--w104},
  year={2008},
  publisher={Project HOPE-The People-to-People Health Foundation, Inc.}
}

@article{bartlett2008current,
  title={The current status of planning for pandemic influenza and implications for health care planning in the United States},
  author={Bartlett, John G and Borio, Luciana},
  journal={Clinical Infectious Diseases},
  volume={46},
  number={6},
  pages={919--925},
  year={2008},
  publisher={The University of Chicago Press}
}
@article{thompson2010estimates,
  title={Estimates of deaths associated with seasonal influenza-United States, 1976-2007.},
  author={Thompson, MG and Shay, DK and Zhou, H and Bridges, CB and Cheng, PY and Burns, E and Bresee, JS and Cox, NJ and others},
  journal={Morbidity and Mortality Weekly Report},
  volume={59},
  number={33},
  pages={1057--1062},
  year={2010},
  publisher={Epidemiology Program Office, Centers for Disease Control and Prevention (CDC)}
}

@article{burckel1999economic,
  title={Economic impact of providing workplace influenza vaccination},
  author={Burckel, Emmanuel and Ashraf, Talat and de Sousa Filho, Jos{\'e} P Galv{\~a}o and Neto, Eduardo Forleo and Guarino, Hubert and Yauti, Caio and de Barros Barreto, Fernando and Champion, Louis},
  journal={Pharmacoeconomics},
  volume={16},
  number={5},
  pages={563--576},
  year={1999},
  publisher={Springer}
}
@article{molinari2007annual,
  title={The annual impact of seasonal influenza in the US: measuring disease burden and costs},
  author={Molinari, Noelle-Angelique M and Ortega-Sanchez, Ismael R and Messonnier, Mark L and Thompson, William W and Wortley, Pascale M and Weintraub, Eric and Bridges, Carolyn B},
  journal={Vaccine},
  volume={25},
  number={27},
  pages={5086--5096},
  year={2007},
  publisher={Elsevier}
}


%health resources
@article{krumkamp2011health,
  title={Health service resource needs for pandemic influenza in developing countries: a linked transmission dynamics, interventions and resource demand model},
  author={Krumkamp, R and Kretzschmar, M and Rudge, JW and Ahmad, A and Hanvoravongchai, P and Westenhoefer, J and Stein, M and Putthasri, W and Coker, R},
  journal={Epidemiology \& Infection},
  volume={139},
  number={1},
  pages={59--67},
  year={2011},
  publisher={Cambridge University Press}
}
@article{schanzer2013impact,
  title={Impact of seasonal and pandemic influenza on emergency department visits, 2003--2010, Ontario, Canada},
  author={Schanzer, Dena L and Schwartz, Brian},
  journal={Academic Emergency Medicine},
  volume={20},
  number={4},
  pages={388--397},
  year={2013},
  publisher={Wiley Online Library}
}


%cdc resources
@article{vaughan2009effective,
  title={Effective health risk communication about pandemic influenza for vulnerable populations},
  author={Vaughan, Elaine and Tinker, Timothy},
  journal={American Journal of Public Health},
  volume={99},
  number={S2},
  pages={S324--S332},
  year={2009},
  publisher={American Public Health Association}
}
@article{panda2011influenza,
  title={Influenza vaccination during pregnancy and factors for lacking compliance with current CDC guidelines},
  author={Panda, Britta and Stiller, Robert and Panda, Alexander},
  journal={The Journal of Maternal-Fetal \& Neonatal Medicine},
  volume={24},
  number={3},
  pages={402--406},
  year={2011},
  publisher={Taylor \& Francis}
}
@article{reed2009infection,
  title={Infection control and prevention: a review of hospital-acquired infections and the economic implications},
  author={Reed, Deoine and Kemmerly, Sandra A},
  journal={The Ochsner Journal},
  volume={9},
  number={1},
  pages={27--31},
  year={2009},
  publisher={the Academic Division of Ochsner Clinic Foundation 1514 Jefferson Highway, New Orleans, LA 70121-2429,(504) 842-4000}
}

%goverment
@article{raz2015coordinating,
  title={Coordinating pricing and supply of public interest goods using government rebates and subsidies},
  author={Raz, Gal and Ovchinnikov, Anton},
  journal={IEEE Transactions on Engineering Management},
  volume={62},
  number={1},
  pages={65--79},
  year={2015},
  publisher={IEEE}
}
@article{germann2006mitigation,
  title={Mitigation strategies for pandemic influenza in the United States},
  author={Germann, Timothy C and Kadau, Kai and Longini, Ira M and Macken, Catherine A},
  journal={Proceedings of the National Academy of Sciences},
  volume={103},
  number={15},
  pages={5935--5940},
  year={2006},
  publisher={National Acad Sciences}
}

%predicting flu

@article{cauchemez2004bayesian,
  title={A Bayesian MCMC approach to study transmission of influenza: application to household longitudinal data},
  author={Cauchemez, Simon and Carrat, F and Viboud, C and Valleron, AJ and Boelle, PY},
  journal={Statistics in medicine},
  volume={23},
  number={22},
  pages={3469--3487},
  year={2004},
  publisher={Wiley Online Library}
}

@article{afonso2012use,
  title={The use of classification and regression trees to predict the likelihood of seasonal influenza},
  author={Afonso, Anna M and Ebell, Mark H and Gonzales, Ralph and Stein, John and Genton, Blaise and Senn, Nicolas},
  journal={Family practice},
  volume={29},
  number={6},
  pages={671--677},
  year={2012},
  publisher={Oxford University Press}
}

@article{birrell2011bayesian,
  title={Bayesian modeling to unmask and predict influenza A/H1N1pdm dynamics in London},
  author={Birrell, Paul J and Ketsetzis, Georgios and Gay, Nigel J and Cooper, Ben S and Presanis, Anne M and Harris, Ross J and Charlett, Andr{\'e} and Zhang, Xu-Sheng and White, Peter J and Pebody, Richard G and others},
  journal={Proceedings of the National Academy of Sciences},
  year={2011},
  publisher={National Acad Sciences}
}

@article{chretien2014influenza,
  title={Influenza forecasting in human populations: a scoping review},
  author={Chretien, Jean-Paul and George, Dylan and Shaman, Jeffrey and Chitale, Rohit A and McKenzie, F Ellis},
  journal={PloS one},
  volume={9},
  number={4},
  pages={e94130},
  year={2014},
  publisher={Public Library of Science}
}

@article{nsoesie2013forecasting,
  title={Forecasting peaks of seasonal influenza epidemics},
  author={Nsoesie, Elaine and Mararthe, Madhav and Brownstein, John},
  journal={PLoS currents},
  volume={5},
  year={2013},
  publisher={Public Library of Science}
}
@article{johansson2016evaluating,
  title={Evaluating the performance of infectious disease forecasts: A comparison of climate-driven and seasonal dengue forecasts for Mexico},
  author={Johansson, Michael A and Reich, Nicholas G and Hota, Aditi and Brownstein, John S and Santillana, Mauricio},
  journal={Scientific reports},
  volume={6},
  pages={33707},
  year={2016},
  publisher={Nature Publishing Group}
}

@article{stephenson2008two,
  title={Two extra components in the Brier score decomposition},
  author={Stephenson, David B and Coelho, Caio AS and Jolliffe, Ian T},
  journal={Weather and Forecasting},
  volume={23},
  number={4},
  pages={752--757},
  year={2008}
}
@article{gneiting2007strictly,
  title={Strictly proper scoring rules, prediction, and estimation},
  author={Gneiting, Tilmann and Raftery, Adrian E},
  journal={Journal of the American Statistical Association},
  volume={102},
  number={477},
  pages={359--378},
  year={2007},
  publisher={Taylor \& Francis}
}

@article{redelmeier1991assessing,
  title={Assessing predictive accuracy: how to compare Brier scores},
  author={Redelmeier, Donald A and Bloch, Daniel A and Hickam, David H},
  journal={Journal of clinical epidemiology},
  volume={44},
  number={11},
  pages={1141--1146},
  year={1991},
  publisher={Elsevier}
}

@article{centers2009prevention,
  title={Prevention and control of seasonal influenza with vaccines. Recommendations of the Advisory Committee on Immunization Practices (ACIP), 2009},
  author={{Centers for Disease Control and Prevention and others}},
  journal={MMWR Early release},
  volume={58},
  number={Early release},
  pages={1--54},
  year={2009}
}

@article{russell2008global,
  title={The global circulation of seasonal influenza A (H3N2) viruses},
  author={Russell, Colin A and Jones, Terry C and Barr, Ian G and Cox, Nancy J and Garten, Rebecca J and Gregory, Vicky and Gust, Ian D and Hampson, Alan W and Hay, Alan J and Hurt, Aeron C and others},
  journal={Science},
  volume={320},
  number={5874},
  pages={340--346},
  year={2008},
  publisher={American Association for the Advancement of Science}
}

@article{harper2009seasonal,
  title={Seasonal influenza in adults and children—diagnosis, treatment, chemoprophylaxis, and institutional outbreak management: clinical practice guidelines of the Infectious Diseases Society of America},
  author={Harper, Scott A and Bradley, John S and Englund, Janet A and File, Thomas M and Gravenstein, Stefan and Hayden, Frederick G and McGeer, Allison J and Neuzil, Kathleen M and Pavia, Andrew T and Tapper, Michael L and others},
  journal={Clinical infectious diseases},
  pages={1003--1032},
  year={2009},
  publisher={JSTOR}
}

@article{mckee2018us,
  title={US approves first-in-class flu drug},
  author={McKee, Selina},
  journal={Image},
  year={2018}
}

@article{heo2018baloxavir,
  title={Baloxavir: First Global Approval},
  author={Heo, Young-A},
  journal={Drugs},
  volume={78},
  number={6},
  pages={693--697},
  year={2018},
  publisher={Springer}
}

@article{zachary2016treatment,
  title={Treatment of seasonal influenza in adults},
  author={Zachary, Kimon C and Hirsch, Martin S and Thorner, Anna R},
  journal={UpToDate, Waltham, MA.(Accessed on Jan 21, 2017.)},
  year={2016}
}


@article{hayden2018baloxavir,
  title={Baloxavir marboxil for uncomplicated influenza in adults and adolescents},
  author={Hayden, Frederick G and Sugaya, Norio and Hirotsu, Nobuo and Lee, Nelson and de Jong, Menno D and Hurt, Aeron C and Ishida, Tadashi and Sekino, Hisakuni and Yamada, Kota and Portsmouth, Simon and others},
  journal={New England Journal of Medicine},
  volume={379},
  number={10},
  pages={913--923},
  year={2018},
  publisher={Mass Medical Soc}
}


@article{laursen2018universal,
  title={Universal protection against influenza infection by a multidomain antibody to influenza hemagglutinin},
  author={Laursen, Nick S and Friesen, Robert HE and Zhu, Xueyong and Jongeneelen, Mandy and Blokland, Sven and Vermond, Jan and van Eijgen, Alida and Tang, Chan and van Diepen, Harry and Obmolova, Galina and others},
  journal={Science},
  volume={362},
  number={6414},
  pages={598--602},
  year={2018},
  publisher={American Association for the Advancement of Science}
}

@article{hultberg2011llama,
  title={Llama-derived single domain antibodies to build multivalent, superpotent and broadened neutralizing anti-viral molecules},
  author={Hultberg, Anna and Temperton, Nigel J and Rosseels, Valerie and Koenders, Mireille and Gonzalez-Pajuelo, Maria and Schepens, Bert and Iba{\~n}ez, Lorena Itat{\'\i} and Vanlandschoot, Peter and Schillemans, Joris and Saunders, Michael and others},
  journal={PloS one},
  volume={6},
  number={4},
  pages={e17665},
  year={2011},
  publisher={Public Library of Science}
}

@misc{cohen2018llama,
  title={Llama antibodies inspire gene spray to prevent all flus},
  author={Cohen, Jon},
  year={2018},
  publisher={American Association for the Advancement of Science}
}

@article{zimmer_2018,
title={How to Turbocharge Flu Protection (Llamas Required)},
url={https://www.nytimes.com/2018/11/01/science/flu-vaccinations.html}
, journal={New York Times}
, author={Zimmer, Carl}
, year={2018}
, month={Nov}
}

@article{sencer2006reflections,
  title={Reflections on the 1976 swine flu vaccination program},
  author={Sencer, David J and Millar, J Donald},
  journal={Emerging infectious diseases},
  volume={12},
  number={1},
  pages={29},
  year={2006},
  publisher={Centers for Disease Control and Prevention}
}

@article{garten2018update,
  title={Update: Influenza Activity in the United States During the 2017--18 Season and Composition of the 2018--19 Influenza Vaccine},
  author={Garten, Rebecca and Blanton, Lenee and Elal, Anwar Isa Abd and Alabi, Noreen and Barnes, John and Biggerstaff, Matthew and Brammer, Lynnette and Budd, Alicia P and Burns, Erin and Cummings, Charisse N and others},
  journal={Morbidity and Mortality Weekly Report},
  volume={67},
  number={22},
  pages={634},
  year={2018},
  publisher={Centers for Disease Control and Prevention}
}

@article{dempster1977maximum,
  title={Maximum likelihood from incomplete data via the EM algorithm},
  author={Dempster, Arthur P and Laird, Nan M and Rubin, Donald B},
  journal={Journal of the royal statistical society. Series B (methodological)},
  pages={1--38},
  year={1977},
  publisher={JSTOR}
}

@article{blei2017variational,
  title={Variational inference: A review for statisticians},
  author={Blei, David M and Kucukelbir, Alp and McAuliffe, Jon D},
  journal={Journal of the American Statistical Association},
  volume={112},
  number={518},
  pages={859--877},
  year={2017},
  publisher={Taylor \& Francis}
}

@article{breiman1996bagging,
  title={Bagging predictors},
  author={Breiman, Leo},
  journal={Machine learning},
  volume={24},
  number={2},
  pages={123--140},
  year={1996},
  publisher={Springer}
}

@incollection{schapire2003boosting,
  title={The boosting approach to machine learning: An overview},
  author={Schapire, Robert E},
  booktitle={Nonlinear estimation and classification},
  pages={149--171},
  year={2003},
  publisher={Springer}
}

@inproceedings{dietterich2000ensemble,
  title={Ensemble methods in machine learning},
  author={Dietterich, Thomas G},
  booktitle={International workshop on multiple classifier systems},
  pages={1--15},
  year={2000},
  organization={Springer}
}

@article{wolpert1992stacked,
  title={Stacked generalization},
  author={Wolpert, David H},
  journal={Neural networks},
  volume={5},
  number={2},
  pages={241--259},
  year={1992},
  publisher={Elsevier}
}

@incollection{polikar2012ensemble,
  title={Ensemble learning},
  author={Polikar, Robi},
  booktitle={Ensemble machine learning},
  pages={1--34},
  year={2012},
  publisher={Springer}
}

@article{sewell2008ensemble,
  title={Ensemble learning},
  author={Sewell, Martin},
  journal={RN},
  volume={11},
  number={02},
  year={2008}
}

@article{jacobs1991adaptive,
  title={Adaptive mixtures of local experts},
  author={Jacobs, Robert A and Jordan, Michael I and Nowlan, Steven J and Hinton, Geoffrey E},
  journal={Neural computation},
  volume={3},
  number={1},
  pages={79--87},
  year={1991},
  publisher={MIT Press}
}

@article{drucker1994boosting,
  title={Boosting and other ensemble methods},
  author={Drucker, Harris and Cortes, Corinna and Jackel, Lawrence D and LeCun, Yann and Vapnik, Vladimir},
  journal={Neural Computation},
  volume={6},
  number={6},
  pages={1289--1301},
  year={1994},
  publisher={MIT Press}
}
@article{osthus2019even,
  title={Even a good influenza forecasting model can benefit from internet-based nowcasts, but those benefits are limited},
  author={Osthus, Dave and Daughton, Ashlynn R and Priedhorsky, Reid},
  journal={PLoS computational biology},
  volume={15},
  number={2},
  pages={e1006599},
  year={2019},
  publisher={Public Library of Science}
}

@article{reich2019collaborativepnas,
  title={A collaborative multiyear, multimodel assessment of seasonal influenza forecasting in the United States},
  author={Reich, Nicholas G and Brooks, Logan C and Fox, Spencer J and Kandula, Sasikiran and McGowan, Craig J and Moore, Evan and Osthus, Dave and Ray, Evan L and Tushar, Abhinav and Yamana, Teresa K and others},
  journal={Proceedings of the National Academy of Sciences},
  volume={116},
  number={8},
  pages={3146--3154},
  year={2019},
  publisher={National Acad Sciences}
}

@article{ray2018prediction,
  title={Prediction of infectious disease epidemics via weighted density ensembles},
  author={Ray, Evan L and Reich, Nicholas G},
  journal={PLoS computational biology},
  volume={14},
  number={2},
  pages={e1005910},
  year={2018},
  publisher={Public Library of Science}
}

@article{dawid2014theory,
  title={Theory and applications of proper scoring rules},
  author={Dawid, Alexander Philip and Musio, Monica},
  journal={Metron},
  volume={72},
  number={2},
  pages={169--183},
  year={2014},
  publisher={Springer}
}

@article{kittler1998combining,
  title={On combining classifiers},
  author={Kittler, Josef and Hatef, Mohamad and Duin, Robert PW and Matas, Jiri},
  journal={IEEE transactions on pattern analysis and machine intelligence},
  volume={20},
  number={3},
  pages={226--239},
  year={1998},
  publisher={IEEE}
}

@book{kuncheva2004combining,
  title={Combining pattern classifiers: methods and algorithms},
  author={Kuncheva, Ludmila I},
  year={2004},
  publisher={John Wiley \& Sons}
}

@article{kuncheva2003limits,
  title={Limits on the majority vote accuracy in classifier fusion},
  author={Kuncheva, Ludmila I and Whitaker, Christopher J and Shipp, Catherine A and Duin, Robert PW},
  journal={Pattern Analysis \& Applications},
  volume={6},
  number={1},
  pages={22--31},
  year={2003},
  publisher={Springer}
}

@inproceedings{van2002overview,
  title={An overview and comparison of voting methods for pattern recognition},
  author={Van Erp, Merijn and Vuurpijl, Louis and Schomaker, Lambert},
  booktitle={Frontiers in Handwriting Recognition, 2002. Proceedings. Eighth International Workshop on},
  pages={195--200},
  year={2002},
  organization={IEEE}
}

@article{shaman2017use,
  title={The use of ambient humidity conditions to improve influenza forecast},
  author={Shaman, Jeffrey and Kandula, Sasikiran and Yang, Wan and Karspeck, Alicia},
  journal={PLoS computational biology},
  volume={13},
  number={11},
  pages={e1005844},
  year={2017},
  publisher={Public Library of Science}
}

@article{shaman2009absolute,
  title={Absolute humidity modulates influenza survival, transmission, and seasonality},
  author={Shaman, Jeffrey and Kohn, Melvin},
  journal={Proceedings of the National Academy of Sciences},
  volume={106},
  number={9},
  pages={3243--3248},
  year={2009},
  publisher={National Acad Sciences}
}

@article{shaman2012forecasting,
  title={Forecasting seasonal outbreaks of influenza},
  author={Shaman, Jeffrey and Karspeck, Alicia},
  journal={Proceedings of the National Academy of Sciences},
  volume={109},
  number={50},
  pages={20425--20430},
  year={2012},
  publisher={National Acad Sciences}
}


@incollection{rustagi1976variational,
  title={Variational methods in statistics},
  author={Rustagi, Jagdish S},
  booktitle={Variational methods in statistics},
  year={1976},
  publisher={Academic Press}
}

@book{bishop2006pattern,
  title={Pattern recognition and machine learning},
  author={Bishop, Christopher M},
  year={2006},
  publisher={springer}
}
@article{pari2018multi,
  title={A Multi-Tier Stacked Ensemble Algorithm to Reduce the Regret of Incremental Learning for Streaming Data},
  author={Pari, R and Sandhya, M and Sankar, Sharmila},
  journal={IEEE Access},
  volume={6},
  pages={48726--48739},
  year={2018},
  publisher={IEEE}
}

@article{fern2003online,
  title={Online ensemble learning: An empirical study},
  author={Fern, Alan and Givan, Robert},
  journal={Machine Learning},
  volume={53},
  number={1-2},
  pages={71--109},
  year={2003},
  publisher={Springer}
}

@article{benkeser2018online,
  title={Online cross-validation-based ensemble learning},
  author={Benkeser, David and Ju, Cheng and Lendle, Sam and van der Laan, Mark},
  journal={Statistics in medicine},
  volume={37},
  number={2},
  pages={249--260},
  year={2018},
  publisher={Wiley Online Library}
}

@book{cover2012elements,
  title={Elements of information theory},
  author={Cover, Thomas M and Thomas, Joy A},
  year={2012},
  publisher={John Wiley \& Sons}
}

@article{brooks2018nonmechanistic,
  title={Nonmechanistic forecasts of seasonal influenza with iterative one-week-ahead distributions},
  author={Brooks, Logan C and Farrow, David C and Hyun, Sangwon and Tibshirani, Ryan J and Rosenfeld, Roni},
  journal={PLoS computational biology},
  volume={14},
  number={6},
  pages={e1006134},
  year={2018},
  publisher={Public Library of Science}
}


@article{ranjan2010combining,
  title={Combining probability forecasts},
  author={Ranjan, Roopesh and Gneiting, Tilmann},
  journal={Journal of the Royal Statistical Society: Series B (Statistical Methodology)},
  volume={72},
  number={1},
  pages={71--91},
  year={2010},
  publisher={Wiley Online Library}
}

@article{gneiting2013combining,
  title={Combining predictive distributions},
  author={Gneiting, Tilmann and Ranjan, Roopesh and others},
  journal={Electronic Journal of Statistics},
  volume={7},
  pages={1747--1782},
  year={2013},
  publisher={The Institute of Mathematical Statistics and the Bernoulli Society}
}

@article{geweke2011optimal,
  title={Optimal prediction pools},
  author={Geweke, John and Amisano, Gianni},
  journal={Journal of Econometrics},
  volume={164},
  number={1},
  pages={130--141},
  year={2011},
  publisher={Elsevier}
}

@article{wallis2011combining,
  title={Combining forecasts--forty years later},
  author={Wallis, Kenneth F},
  journal={Applied Financial Economics},
  volume={21},
  number={1-2},
  pages={33--41},
  year={2011},
  publisher={Taylor \& Francis}
}

@article{kleiber2011locally,
  title={Locally calibrated probabilistic temperature forecasting using geostatistical model averaging and local Bayesian model averaging},
  author={Kleiber, William and Raftery, Adrian E and Baars, Jeffrey and Gneiting, Tilmann and Mass, Clifford F and Grimit, Eric},
  journal={Monthly Weather Review},
  volume={139},
  number={8},
  pages={2630--2649},
  year={2011}
}

@article{minka2000bayesian,
  title={Bayesian model averaging is not model combination},
  author={Minka, Thomas P},
  journal={Available electronically at http://www. stat. cmu. edu/minka/papers/bma. html},
  pages={1--2},
  year={2000}
}

@article{montgomery2010bayesian,
  title={Bayesian model averaging: Theoretical developments and practical applications},
  author={Montgomery, Jacob M and Nyhan, Brendan},
  journal={Political Analysis},
  volume={18},
  number={2},
  pages={245--270},
  year={2010},
  publisher={Cambridge University Press}
}

@inproceedings{madigan1996bayesian,
  title={Bayesian model averaging},
  author={Madigan, David and Raftery, Adrian E and Volinsky, C and Hoeting, J},
  booktitle={Proceedings of the AAAI Workshop on Integrating Multiple Learned Models, Portland, OR},
  pages={77--83},
  year={1996}
}

@article{steel2011bayesian,
  title={Bayesian model averaging and forecasting},
  author={Steel, Mark FJ},
  journal={Bulletin of EU and US Inflation and Macroeconomic Analysis},
  volume={200},
  pages={30--41},
  year={2011}
}

@article{raftery2005using,
  title={Using Bayesian model averaging to calibrate forecast ensembles},
  author={Raftery, Adrian E and Gneiting, Tilmann and Balabdaoui, Fadoua and Polakowski, Michael},
  journal={Monthly weather review},
  volume={133},
  number={5},
  pages={1155--1174},
  year={2005}
}

@book{bertsekas2014constrained,
  title={Constrained optimization and Lagrange multiplier methods},
  author={Bertsekas, Dimitri P},
  year={2014},
  publisher={Academic press}
}

@article{nocedal2006sequential,
  title={Sequential quadratic programming},
  author={Nocedal, Jorge and Wright, Stephen J},
  journal={Numerical optimization},
  pages={529--562},
  year={2006},
  publisher={Springer}
}
@article{sqp,
author = {Youngseok Kim and Peter Carbonetto and Matthew Stephens and Mihai Anitescu},
title = {A Fast Algorithm for Maximum Likelihood Estimation of Mixture Proportions Using Sequential Quadratic Programming},
journal = {Journal of Computational and Graphical Statistics},
volume = {29},
number = {2},
pages = {261-273},
year  = {2020},
publisher = {Taylor & Francis},
doi = {10.1080/10618600.2019.1689985},
URL = {https://doi.org/10.1080/10618600.2019.1689985},
eprint = { https://doi.org/10.1080/10618600.2019.1689985 }

}

@article{gneiting2007probabilistic,
  title={Probabilistic forecasts, calibration and sharpness},
  author={Gneiting, Tilmann and Balabdaoui, Fadoua and Raftery, Adrian E},
  journal={Journal of the Royal Statistical Society: Series B (Statistical Methodology)},
  volume={69},
  number={2},
  pages={243--268},
  year={2007},
  publisher={Wiley Online Library}
}

@incollection{winkler1977rewarding,
  title={Rewarding expertise in probability assessment},
  author={Winkler, Robert L},
  booktitle={Decision Making and Change in Human Affairs},
  pages={127--140},
  year={1977},
  publisher={Springer}
}